<?xml version="1.0" encoding="UTF-8"?><record xmlns="http://www.loc.gov/MARC21/slim" xmlns:cinclude="http://apache.org/cocoon/include/1.0" xmlns:zs="http://www.loc.gov/zing/srw/">
  <leader>00585cz  a2200169n  4500</leader>
  <controlfield tag="001">n  81094984 </controlfield>
  <controlfield tag="003">DLC</controlfield>
  <controlfield tag="005">20090131080833.0</controlfield>
  <controlfield tag="008">811019n| acannaabn          |a ana      </controlfield>
  <datafield tag="010" ind1=" " ind2=" ">
    <subfield code="a">n  81094984 </subfield>
  </datafield>
  <datafield tag="035" ind1=" " ind2=" ">
    <subfield code="a">(OCoLC)oca00640159</subfield>
  </datafield>
  <datafield tag="040" ind1=" " ind2=" ">
    <subfield code="a">DLC</subfield>
    <subfield code="b">eng</subfield>
    <subfield code="c">DLC</subfield>
    <subfield code="d">OCoLC</subfield>
  </datafield>
  <datafield tag="110" ind1="1" ind2=" ">
    <subfield code="a">Panama.</subfield>
    <subfield code="b">Ministerio de Agricultura, Comercio e Industrias</subfield>
  </datafield>
  <datafield tag="410" ind1="1" ind2=" ">
    <subfield code="a">Panama.</subfield>
    <subfield code="b">Agricultura, Comercio e Industrias, Ministerio de</subfield>
  </datafield>
  <datafield tag="410" ind1="1" ind2=" ">
    <subfield code="a">Panama.</subfield>
    <subfield code="b">Ministry of Agriculture, Commerce and Industries</subfield>
  </datafield>
  <datafield tag="510" ind1="1" ind2=" ">
    <subfield code="a">Panama.</subfield>
    <subfield code="b">Ministerio de Agricultura y Comercio</subfield>
  </datafield>
  <datafield tag="670" ind1=" " ind2=" ">
    <subfield code="a">Its Censo agro-pecuario ... 1947.</subfield>
  </datafield>
</record>